%YAML 1.1
%TAG !u! tag:unity3d.com,2011:
--- !u!29 &1
OcclusionCullingSettings:
  m_ObjectHideFlags: 0
  serializedVersion: 2
  m_OcclusionBakeSettings:
    smallestOccluder: 5
    smallestHole: 0.25
    backfaceThreshold: 100
  m_SceneGUID: 00000000000000000000000000000000
  m_OcclusionCullingData: {fileID: 0}
--- !u!104 &2
RenderSettings:
  m_ObjectHideFlags: 0
  serializedVersion: 9
  m_Fog: 0
  m_FogColor: {r: 0.5, g: 0.5, b: 0.5, a: 1}
  m_FogMode: 3
  m_FogDensity: 0.01
  m_LinearFogStart: 0
  m_LinearFogEnd: 300
  m_AmbientSkyColor: {r: 0.212, g: 0.227, b: 0.259, a: 1}
  m_AmbientEquatorColor: {r: 0.114, g: 0.125, b: 0.133, a: 1}
  m_AmbientGroundColor: {r: 0.047, g: 0.043, b: 0.035, a: 1}
  m_AmbientIntensity: 1
  m_AmbientMode: 0
  m_SubtractiveShadowColor: {r: 0.42, g: 0.478, b: 0.627, a: 1}
  m_SkyboxMaterial: {fileID: 10304, guid: 0000000000000000f000000000000000, type: 0}
  m_HaloStrength: 0.5
  m_FlareStrength: 1
  m_FlareFadeSpeed: 3
  m_HaloTexture: {fileID: 0}
  m_SpotCookie: {fileID: 10001, guid: 0000000000000000e000000000000000, type: 0}
  m_DefaultReflectionMode: 0
  m_DefaultReflectionResolution: 128
  m_ReflectionBounces: 1
  m_ReflectionIntensity: 1
  m_CustomReflection: {fileID: 0}
  m_Sun: {fileID: 0}
  m_IndirectSpecularColor: {r: 0.12731749, g: 0.13414757, b: 0.1210787, a: 1}
  m_UseRadianceAmbientProbe: 0
--- !u!157 &3
LightmapSettings:
  m_ObjectHideFlags: 0
  serializedVersion: 11
  m_GIWorkflowMode: 1
  m_GISettings:
    serializedVersion: 2
    m_BounceScale: 1
    m_IndirectOutputScale: 1
    m_AlbedoBoost: 1
    m_EnvironmentLightingMode: 0
    m_EnableBakedLightmaps: 1
    m_EnableRealtimeLightmaps: 0
  m_LightmapEditorSettings:
    serializedVersion: 12
    m_Resolution: 2
    m_BakeResolution: 40
    m_AtlasSize: 1024
    m_AO: 0
    m_AOMaxDistance: 1
    m_CompAOExponent: 1
    m_CompAOExponentDirect: 0
    m_ExtractAmbientOcclusion: 0
    m_Padding: 2
    m_LightmapParameters: {fileID: 0}
    m_LightmapsBakeMode: 1
    m_TextureCompression: 1
    m_FinalGather: 0
    m_FinalGatherFiltering: 1
    m_FinalGatherRayCount: 256
    m_ReflectionCompression: 2
    m_MixedBakeMode: 2
    m_BakeBackend: 1
    m_PVRSampling: 1
    m_PVRDirectSampleCount: 32
    m_PVRSampleCount: 512
    m_PVRBounces: 2
    m_PVREnvironmentSampleCount: 256
    m_PVREnvironmentReferencePointCount: 2048
    m_PVRFilteringMode: 1
    m_PVRDenoiserTypeDirect: 1
    m_PVRDenoiserTypeIndirect: 1
    m_PVRDenoiserTypeAO: 1
    m_PVRFilterTypeDirect: 0
    m_PVRFilterTypeIndirect: 0
    m_PVRFilterTypeAO: 0
    m_PVREnvironmentMIS: 1
    m_PVRCulling: 1
    m_PVRFilteringGaussRadiusDirect: 1
    m_PVRFilteringGaussRadiusIndirect: 5
    m_PVRFilteringGaussRadiusAO: 2
    m_PVRFilteringAtrousPositionSigmaDirect: 0.5
    m_PVRFilteringAtrousPositionSigmaIndirect: 2
    m_PVRFilteringAtrousPositionSigmaAO: 1
    m_ExportTrainingData: 0
    m_TrainingDataDestination: TrainingData
    m_LightProbeSampleCountMultiplier: 4
  m_LightingDataAsset: {fileID: 0}
  m_UseShadowmask: 1
--- !u!196 &4
NavMeshSettings:
  serializedVersion: 2
  m_ObjectHideFlags: 0
  m_BuildSettings:
    serializedVersion: 2
    agentTypeID: 0
    agentRadius: 0.5
    agentHeight: 2
    agentSlope: 45
    agentClimb: 0.4
    ledgeDropHeight: 0
    maxJumpAcrossDistance: 0
    minRegionArea: 2
    manualCellSize: 0
    cellSize: 0.16666667
    manualTileSize: 0
    tileSize: 256
    accuratePlacement: 0
    debug:
      m_Flags: 0
  m_NavMeshData: {fileID: 0}
--- !u!1 &706348271
GameObject:
  m_ObjectHideFlags: 0
  m_CorrespondingSourceObject: {fileID: 0}
  m_PrefabInstance: {fileID: 0}
  m_PrefabAsset: {fileID: 0}
  serializedVersion: 6
  m_Component:
  - component: {fileID: 706348274}
  - component: {fileID: 706348273}
  - component: {fileID: 706348272}
  m_Layer: 0
  m_Name: BakedDecoder
  m_TagString: Untagged
  m_Icon: {fileID: 0}
  m_NavMeshLayer: 0
  m_StaticEditorFlags: 0
  m_IsActive: 1
--- !u!114 &706348272
MonoBehaviour:
  m_ObjectHideFlags: 2
  m_CorrespondingSourceObject: {fileID: 0}
  m_PrefabInstance: {fileID: 0}
  m_PrefabAsset: {fileID: 0}
  m_GameObject: {fileID: 706348271}
  m_Enabled: 1
  m_EditorHideFlags: 0
  m_Script: {fileID: 11500000, guid: 45115577ef41a5b4ca741ed302693907, type: 3}
  m_Name: 
  m_EditorClassIdentifier: 
  interactTextPlacement: {fileID: 0}
  interactText: Use
  interactTextGO: {fileID: 0}
  proximity: 2
  SynchronizePosition: 0
  AllowCollisionOwnershipTransfer: 0
  Reliable: 0
  _syncMethod: 1
  serializedProgramAsset: {fileID: 11400000, guid: 6af4a3158da10ff4caef086e75f2e1ce,
    type: 2}
  programSource: {fileID: 11400000, guid: 01a8e79c3c933f84989b6c3a57c7b5a2, type: 2}
  serializedPublicVariablesBytesString: Ai8AAAAAATIAAABWAFIAQwAuAFUAZABvAG4ALgBDAG8AbQBtAG8AbgAuAFUAZABvAG4AVgBhAHIAaQBhAGIAbABlAFQAYQBiAGwAZQAsACAAVgBSAEMALgBVAGQAbwBuAC4AQwBvAG0AbQBvAG4AAAAAAAYBAAAAAAAAACcBBAAAAHQAeQBwAGUAAWgAAABTAHkAcwB0AGUAbQAuAEMAbwBsAGwAZQBjAHQAaQBvAG4AcwAuAEcAZQBuAGUAcgBpAGMALgBMAGkAcwB0AGAAMQBbAFsAVgBSAEMALgBVAGQAbwBuAC4AQwBvAG0AbQBvAG4ALgBJAG4AdABlAHIAZgBhAGMAZQBzAC4ASQBVAGQAbwBuAFYAYQByAGkAYQBiAGwAZQAsACAAVgBSAEMALgBVAGQAbwBuAC4AQwBvAG0AbQBvAG4AXQBdACwAIABtAHMAYwBvAHIAbABpAGIAAQEJAAAAVgBhAHIAaQBhAGIAbABlAHMALwEAAAABaAAAAFMAeQBzAHQAZQBtAC4AQwBvAGwAbABlAGMAdABpAG8AbgBzAC4ARwBlAG4AZQByAGkAYwAuAEwAaQBzAHQAYAAxAFsAWwBWAFIAQwAuAFUAZABvAG4ALgBDAG8AbQBtAG8AbgAuAEkAbgB0AGUAcgBmAGEAYwBlAHMALgBJAFUAZABvAG4AVgBhAHIAaQBhAGIAbABlACwAIABWAFIAQwAuAFUAZABvAG4ALgBDAG8AbQBtAG8AbgBdAF0ALAAgAG0AcwBjAG8AcgBsAGkAYgABAAAABgEAAAAAAAAAAi8CAAAAAUkAAABWAFIAQwAuAFUAZABvAG4ALgBDAG8AbQBtAG8AbgAuAFUAZABvAG4AVgBhAHIAaQBhAGIAbABlAGAAMQBbAFsAUwB5AHMAdABlAG0ALgBJAG4AdAAzADIALAAgAG0AcwBjAG8AcgBsAGkAYgBdAF0ALAAgAFYAUgBDAC4AVQBkAG8AbgAuAEMAbwBtAG0AbwBuAAIAAAAGAgAAAAAAAAAnAQQAAAB0AHkAcABlAAEXAAAAUwB5AHMAdABlAG0ALgBTAHQAcgBpAG4AZwAsACAAbQBzAGMAbwByAGwAaQBiACcBCgAAAFMAeQBtAGIAbwBsAE4AYQBtAGUAAR8AAABfAF8AXwBVAGQAbwBuAFMAaABhAHIAcABCAGUAaABhAHYAaQBvAHUAcgBWAGUAcgBzAGkAbwBuAF8AXwBfACcBBAAAAHQAeQBwAGUAARYAAABTAHkAcwB0AGUAbQAuAEkAbgB0ADMAMgAsACAAbQBzAGMAbwByAGwAaQBiABcBBQAAAFYAYQBsAHUAZQACAAAABwUHBQcF
  publicVariablesUnityEngineObjects: []
  publicVariablesSerializationDataFormat: 0
--- !u!114 &706348273
MonoBehaviour:
  m_ObjectHideFlags: 0
  m_CorrespondingSourceObject: {fileID: 0}
  m_PrefabInstance: {fileID: 0}
  m_PrefabAsset: {fileID: 0}
  m_GameObject: {fileID: 706348271}
  m_Enabled: 1
  m_EditorHideFlags: 0
  m_Script: {fileID: 11500000, guid: 93b300e42984d9b4289e88939ff4f632, type: 3}
  m_Name: 
  m_EditorClassIdentifier: 
  serializationData:
    SerializedFormat: 2
    SerializedBytes: 
    ReferencedUnityObjects: []
    SerializedBytesString: 
    Prefab: {fileID: 0}
    PrefabModificationsReferencedUnityObjects: []
    PrefabModifications: []
    SerializationNodes: []
  _udonSharpBackingUdonBehaviour: {fileID: 706348272}
  materials:
  - {fileID: -6683787455073663027, guid: f5077e1cb5c95a04a88d43a81af1f828, type: 2}
  - {fileID: 1976184399317838418, guid: f5077e1cb5c95a04a88d43a81af1f828, type: 2}
  - {fileID: 5875944965349480317, guid: f5077e1cb5c95a04a88d43a81af1f828, type: 2}
  - {fileID: 2565425122147938252, guid: f5077e1cb5c95a04a88d43a81af1f828, type: 2}
  - {fileID: -6390335616510951731, guid: f5077e1cb5c95a04a88d43a81af1f828, type: 2}
  - {fileID: -2781745997707458453, guid: f5077e1cb5c95a04a88d43a81af1f828, type: 2}
  - {fileID: 4965550022047017530, guid: f5077e1cb5c95a04a88d43a81af1f828, type: 2}
  - {fileID: -3051794502160329319, guid: f5077e1cb5c95a04a88d43a81af1f828, type: 2}
  - {fileID: -8510146865614228220, guid: f5077e1cb5c95a04a88d43a81af1f828, type: 2}
  - {fileID: -7083549970743255030, guid: f5077e1cb5c95a04a88d43a81af1f828, type: 2}
  - {fileID: -3108035646385538810, guid: f5077e1cb5c95a04a88d43a81af1f828, type: 2}
  - {fileID: 6313764463957280451, guid: f5077e1cb5c95a04a88d43a81af1f828, type: 2}
  - {fileID: 1412581901569176567, guid: f5077e1cb5c95a04a88d43a81af1f828, type: 2}
  - {fileID: 2602649867062256147, guid: f5077e1cb5c95a04a88d43a81af1f828, type: 2}
  - {fileID: 6851560516597191853, guid: f5077e1cb5c95a04a88d43a81af1f828, type: 2}
  - {fileID: 5456949085811624352, guid: f5077e1cb5c95a04a88d43a81af1f828, type: 2}
  - {fileID: -6338241811136034413, guid: f5077e1cb5c95a04a88d43a81af1f828, type: 2}
  - {fileID: -4832831015883266740, guid: f5077e1cb5c95a04a88d43a81af1f828, type: 2}
  - {fileID: -2505411796685449817, guid: f5077e1cb5c95a04a88d43a81af1f828, type: 2}
  - {fileID: -4504237105819457062, guid: f5077e1cb5c95a04a88d43a81af1f828, type: 2}
  - {fileID: 1546210071552085519, guid: f5077e1cb5c95a04a88d43a81af1f828, type: 2}
  - {fileID: 5762292534388687260, guid: f5077e1cb5c95a04a88d43a81af1f828, type: 2}
  - {fileID: -2230626054370675725, guid: f5077e1cb5c95a04a88d43a81af1f828, type: 2}
  - {fileID: 263694653382598683, guid: f5077e1cb5c95a04a88d43a81af1f828, type: 2}
  - {fileID: 2478211876127880773, guid: f5077e1cb5c95a04a88d43a81af1f828, type: 2}
  - {fileID: 5166168379837444075, guid: f5077e1cb5c95a04a88d43a81af1f828, type: 2}
  - {fileID: 2986224395311136060, guid: f5077e1cb5c95a04a88d43a81af1f828, type: 2}
  - {fileID: -4089865894858845737, guid: f5077e1cb5c95a04a88d43a81af1f828, type: 2}
  - {fileID: -5532822918240672702, guid: f5077e1cb5c95a04a88d43a81af1f828, type: 2}
  - {fileID: -1005329632870598433, guid: f5077e1cb5c95a04a88d43a81af1f828, type: 2}
  - {fileID: -844506716348661123, guid: f5077e1cb5c95a04a88d43a81af1f828, type: 2}
  - {fileID: -6348009850285180964, guid: f5077e1cb5c95a04a88d43a81af1f828, type: 2}
  - {fileID: 1210425201552583753, guid: f5077e1cb5c95a04a88d43a81af1f828, type: 2}
  - {fileID: -7913015904354014054, guid: f5077e1cb5c95a04a88d43a81af1f828, type: 2}
  - {fileID: 1197193547943638369, guid: f5077e1cb5c95a04a88d43a81af1f828, type: 2}
  - {fileID: -1378020720199185238, guid: f5077e1cb5c95a04a88d43a81af1f828, type: 2}
  - {fileID: 7280141170791024564, guid: f5077e1cb5c95a04a88d43a81af1f828, type: 2}
  - {fileID: -1762040300719913035, guid: f5077e1cb5c95a04a88d43a81af1f828, type: 2}
  - {fileID: 149873301551217350, guid: f5077e1cb5c95a04a88d43a81af1f828, type: 2}
  - {fileID: -7367888104892863426, guid: f5077e1cb5c95a04a88d43a81af1f828, type: 2}
  - {fileID: -1929192722882369425, guid: f5077e1cb5c95a04a88d43a81af1f828, type: 2}
  - {fileID: -3918662181559175393, guid: f5077e1cb5c95a04a88d43a81af1f828, type: 2}
  - {fileID: -1196740848811828689, guid: f5077e1cb5c95a04a88d43a81af1f828, type: 2}
  - {fileID: -2867053984822894750, guid: f5077e1cb5c95a04a88d43a81af1f828, type: 2}
  - {fileID: 777039875684507663, guid: f5077e1cb5c95a04a88d43a81af1f828, type: 2}
  - {fileID: -8244861391196576547, guid: f5077e1cb5c95a04a88d43a81af1f828, type: 2}
  - {fileID: -2149085110075669879, guid: f5077e1cb5c95a04a88d43a81af1f828, type: 2}
  - {fileID: -1018586386166668074, guid: f5077e1cb5c95a04a88d43a81af1f828, type: 2}
  - {fileID: -35573254574843499, guid: f5077e1cb5c95a04a88d43a81af1f828, type: 2}
  - {fileID: -1440561706179166269, guid: f5077e1cb5c95a04a88d43a81af1f828, type: 2}
  - {fileID: 1688175501455829701, guid: f5077e1cb5c95a04a88d43a81af1f828, type: 2}
  - {fileID: -2098472120852132766, guid: f5077e1cb5c95a04a88d43a81af1f828, type: 2}
  - {fileID: 8111420423577226661, guid: f5077e1cb5c95a04a88d43a81af1f828, type: 2}
  - {fileID: -3662300024956708488, guid: f5077e1cb5c95a04a88d43a81af1f828, type: 2}
  - {fileID: -6500385604006626434, guid: f5077e1cb5c95a04a88d43a81af1f828, type: 2}
  - {fileID: 2235380761490553880, guid: f5077e1cb5c95a04a88d43a81af1f828, type: 2}
  - {fileID: 268712883417071189, guid: f5077e1cb5c95a04a88d43a81af1f828, type: 2}
  - {fileID: -108574111403354019, guid: f5077e1cb5c95a04a88d43a81af1f828, type: 2}
  - {fileID: 2251869648367066306, guid: f5077e1cb5c95a04a88d43a81af1f828, type: 2}
  - {fileID: 6735257823751801897, guid: f5077e1cb5c95a04a88d43a81af1f828, type: 2}
  - {fileID: -5686663312121585597, guid: f5077e1cb5c95a04a88d43a81af1f828, type: 2}
  - {fileID: 1310330486953589200, guid: f5077e1cb5c95a04a88d43a81af1f828, type: 2}
  - {fileID: 295098480334819993, guid: f5077e1cb5c95a04a88d43a81af1f828, type: 2}
  - {fileID: 534401928223816547, guid: f5077e1cb5c95a04a88d43a81af1f828, type: 2}
  - {fileID: -6808465552264053020, guid: f5077e1cb5c95a04a88d43a81af1f828, type: 2}
  - {fileID: -7923511370634706990, guid: f5077e1cb5c95a04a88d43a81af1f828, type: 2}
  - {fileID: 4944199779658607695, guid: f5077e1cb5c95a04a88d43a81af1f828, type: 2}
  - {fileID: 3518156131092823298, guid: f5077e1cb5c95a04a88d43a81af1f828, type: 2}
  - {fileID: 2691658752139576213, guid: f5077e1cb5c95a04a88d43a81af1f828, type: 2}
  - {fileID: 8469089884654282073, guid: f5077e1cb5c95a04a88d43a81af1f828, type: 2}
  - {fileID: -537614545046847915, guid: f5077e1cb5c95a04a88d43a81af1f828, type: 2}
  - {fileID: -5959203222140046046, guid: f5077e1cb5c95a04a88d43a81af1f828, type: 2}
  - {fileID: 7941211865855509024, guid: f5077e1cb5c95a04a88d43a81af1f828, type: 2}
  - {fileID: -1849522382201792153, guid: f5077e1cb5c95a04a88d43a81af1f828, type: 2}
  - {fileID: 3482887166909916789, guid: f5077e1cb5c95a04a88d43a81af1f828, type: 2}
  inputTexture: {fileID: 2800000, guid: 4d24478cecbd3f1478146254d95f69d3, type: 3}
  outputTexture: {fileID: 8400000, guid: d2e6c9f4f17cf644cb1c2de7a7bdc20d, type: 2}
  loop: 1
  duration: 1
--- !u!4 &706348274
Transform:
  m_ObjectHideFlags: 0
  m_CorrespondingSourceObject: {fileID: 0}
  m_PrefabInstance: {fileID: 0}
  m_PrefabAsset: {fileID: 0}
  m_GameObject: {fileID: 706348271}
  m_LocalRotation: {x: 0, y: 0, z: 0, w: 1}
  m_LocalPosition: {x: 0, y: 0, z: 0}
  m_LocalScale: {x: 1, y: 1, z: 1}
  m_Children: []
  m_Father: {fileID: 0}
  m_RootOrder: 3
  m_LocalEulerAnglesHint: {x: 0, y: 0, z: 0}
--- !u!1 &969686229
GameObject:
  m_ObjectHideFlags: 0
  m_CorrespondingSourceObject: {fileID: 0}
  m_PrefabInstance: {fileID: 0}
  m_PrefabAsset: {fileID: 0}
  serializedVersion: 6
  m_Component:
  - component: {fileID: 969686232}
  - component: {fileID: 969686231}
  - component: {fileID: 969686230}
  m_Layer: 0
  m_Name: BakedEncoder
  m_TagString: Untagged
  m_Icon: {fileID: 0}
  m_NavMeshLayer: 0
  m_StaticEditorFlags: 0
  m_IsActive: 0
--- !u!114 &969686230
MonoBehaviour:
  m_ObjectHideFlags: 2
  m_CorrespondingSourceObject: {fileID: 0}
  m_PrefabInstance: {fileID: 0}
  m_PrefabAsset: {fileID: 0}
  m_GameObject: {fileID: 969686229}
  m_Enabled: 1
  m_EditorHideFlags: 0
  m_Script: {fileID: 11500000, guid: 45115577ef41a5b4ca741ed302693907, type: 3}
  m_Name: 
  m_EditorClassIdentifier: 
  interactTextPlacement: {fileID: 0}
  interactText: Use
  interactTextGO: {fileID: 0}
  proximity: 2
  SynchronizePosition: 0
  AllowCollisionOwnershipTransfer: 0
  Reliable: 0
  _syncMethod: 1
  serializedProgramAsset: {fileID: 11400000, guid: 6af4a3158da10ff4caef086e75f2e1ce,
    type: 2}
  programSource: {fileID: 11400000, guid: 01a8e79c3c933f84989b6c3a57c7b5a2, type: 2}
  serializedPublicVariablesBytesString: Ai8AAAAAATIAAABWAFIAQwAuAFUAZABvAG4ALgBDAG8AbQBtAG8AbgAuAFUAZABvAG4AVgBhAHIAaQBhAGIAbABlAFQAYQBiAGwAZQAsACAAVgBSAEMALgBVAGQAbwBuAC4AQwBvAG0AbQBvAG4AAAAAAAYBAAAAAAAAACcBBAAAAHQAeQBwAGUAAWgAAABTAHkAcwB0AGUAbQAuAEMAbwBsAGwAZQBjAHQAaQBvAG4AcwAuAEcAZQBuAGUAcgBpAGMALgBMAGkAcwB0AGAAMQBbAFsAVgBSAEMALgBVAGQAbwBuAC4AQwBvAG0AbQBvAG4ALgBJAG4AdABlAHIAZgBhAGMAZQBzAC4ASQBVAGQAbwBuAFYAYQByAGkAYQBiAGwAZQAsACAAVgBSAEMALgBVAGQAbwBuAC4AQwBvAG0AbQBvAG4AXQBdACwAIABtAHMAYwBvAHIAbABpAGIAAQEJAAAAVgBhAHIAaQBhAGIAbABlAHMALwEAAAABaAAAAFMAeQBzAHQAZQBtAC4AQwBvAGwAbABlAGMAdABpAG8AbgBzAC4ARwBlAG4AZQByAGkAYwAuAEwAaQBzAHQAYAAxAFsAWwBWAFIAQwAuAFUAZABvAG4ALgBDAG8AbQBtAG8AbgAuAEkAbgB0AGUAcgBmAGEAYwBlAHMALgBJAFUAZABvAG4AVgBhAHIAaQBhAGIAbABlACwAIABWAFIAQwAuAFUAZABvAG4ALgBDAG8AbQBtAG8AbgBdAF0ALAAgAG0AcwBjAG8AcgBsAGkAYgABAAAABgEAAAAAAAAAAi8CAAAAAUkAAABWAFIAQwAuAFUAZABvAG4ALgBDAG8AbQBtAG8AbgAuAFUAZABvAG4AVgBhAHIAaQBhAGIAbABlAGAAMQBbAFsAUwB5AHMAdABlAG0ALgBJAG4AdAAzADIALAAgAG0AcwBjAG8AcgBsAGkAYgBdAF0ALAAgAFYAUgBDAC4AVQBkAG8AbgAuAEMAbwBtAG0AbwBuAAIAAAAGAgAAAAAAAAAnAQQAAAB0AHkAcABlAAEXAAAAUwB5AHMAdABlAG0ALgBTAHQAcgBpAG4AZwAsACAAbQBzAGMAbwByAGwAaQBiACcBCgAAAFMAeQBtAGIAbwBsAE4AYQBtAGUAAR8AAABfAF8AXwBVAGQAbwBuAFMAaABhAHIAcABCAGUAaABhAHYAaQBvAHUAcgBWAGUAcgBzAGkAbwBuAF8AXwBfACcBBAAAAHQAeQBwAGUAARYAAABTAHkAcwB0AGUAbQAuAEkAbgB0ADMAMgAsACAAbQBzAGMAbwByAGwAaQBiABcBBQAAAFYAYQBsAHUAZQACAAAABwUHBQcF
  publicVariablesUnityEngineObjects: []
  publicVariablesSerializationDataFormat: 0
--- !u!114 &969686231
MonoBehaviour:
  m_ObjectHideFlags: 0
  m_CorrespondingSourceObject: {fileID: 0}
  m_PrefabInstance: {fileID: 0}
  m_PrefabAsset: {fileID: 0}
  m_GameObject: {fileID: 969686229}
  m_Enabled: 1
  m_EditorHideFlags: 0
  m_Script: {fileID: 11500000, guid: 93b300e42984d9b4289e88939ff4f632, type: 3}
  m_Name: 
  m_EditorClassIdentifier: 
  serializationData:
    SerializedFormat: 2
    SerializedBytes: 
    ReferencedUnityObjects: []
    SerializedBytesString: 
    Prefab: {fileID: 0}
    PrefabModificationsReferencedUnityObjects: []
    PrefabModifications: []
    SerializationNodes: []
  _udonSharpBackingUdonBehaviour: {fileID: 969686230}
  materials:
  - {fileID: -3993265708325234361, guid: 98ae981d7b01adb47a2f07224851015d, type: 2}
  - {fileID: -9008710749818806945, guid: 98ae981d7b01adb47a2f07224851015d, type: 2}
  - {fileID: -4061943120755516586, guid: 98ae981d7b01adb47a2f07224851015d, type: 2}
  - {fileID: -1086657339760141113, guid: 98ae981d7b01adb47a2f07224851015d, type: 2}
  - {fileID: -5996846922346100528, guid: 98ae981d7b01adb47a2f07224851015d, type: 2}
  - {fileID: 7609227201630047464, guid: 98ae981d7b01adb47a2f07224851015d, type: 2}
  - {fileID: 7835276952691543509, guid: 98ae981d7b01adb47a2f07224851015d, type: 2}
  - {fileID: 8212106690660495251, guid: 98ae981d7b01adb47a2f07224851015d, type: 2}
  - {fileID: -6444345916883845661, guid: 98ae981d7b01adb47a2f07224851015d, type: 2}
  - {fileID: -4080424586897613565, guid: 98ae981d7b01adb47a2f07224851015d, type: 2}
  - {fileID: -685729268505798064, guid: 98ae981d7b01adb47a2f07224851015d, type: 2}
  - {fileID: -4717727027919873040, guid: 98ae981d7b01adb47a2f07224851015d, type: 2}
  - {fileID: 8852450339824394949, guid: 98ae981d7b01adb47a2f07224851015d, type: 2}
  - {fileID: -5311773979224437994, guid: 98ae981d7b01adb47a2f07224851015d, type: 2}
  - {fileID: 1105147763690471116, guid: 98ae981d7b01adb47a2f07224851015d, type: 2}
  - {fileID: 6984353872123762351, guid: 98ae981d7b01adb47a2f07224851015d, type: 2}
  - {fileID: 3967312940827764333, guid: 98ae981d7b01adb47a2f07224851015d, type: 2}
  - {fileID: -6325785395620260420, guid: 98ae981d7b01adb47a2f07224851015d, type: 2}
  - {fileID: 653421629261912435, guid: 98ae981d7b01adb47a2f07224851015d, type: 2}
  - {fileID: 6124657025382631997, guid: 98ae981d7b01adb47a2f07224851015d, type: 2}
  - {fileID: -3490881635356545658, guid: 98ae981d7b01adb47a2f07224851015d, type: 2}
  - {fileID: -6896132797335020366, guid: 98ae981d7b01adb47a2f07224851015d, type: 2}
  - {fileID: -2461320000998719104, guid: 98ae981d7b01adb47a2f07224851015d, type: 2}
  - {fileID: 7747142406314723744, guid: 98ae981d7b01adb47a2f07224851015d, type: 2}
  - {fileID: 3721383868086243989, guid: 98ae981d7b01adb47a2f07224851015d, type: 2}
  - {fileID: 2410210066228388314, guid: 98ae981d7b01adb47a2f07224851015d, type: 2}
  - {fileID: -5123122988417062319, guid: 98ae981d7b01adb47a2f07224851015d, type: 2}
  - {fileID: -857539560921596110, guid: 98ae981d7b01adb47a2f07224851015d, type: 2}
  - {fileID: -7562077649399668626, guid: 98ae981d7b01adb47a2f07224851015d, type: 2}
  - {fileID: 9195337925048852801, guid: 98ae981d7b01adb47a2f07224851015d, type: 2}
  - {fileID: 1357034639565185373, guid: 98ae981d7b01adb47a2f07224851015d, type: 2}
  - {fileID: -6241453375663866323, guid: 98ae981d7b01adb47a2f07224851015d, type: 2}
  - {fileID: -1170062597074600955, guid: 98ae981d7b01adb47a2f07224851015d, type: 2}
  - {fileID: 7151654744359118392, guid: 98ae981d7b01adb47a2f07224851015d, type: 2}
  - {fileID: -4972605202560670015, guid: 98ae981d7b01adb47a2f07224851015d, type: 2}
  - {fileID: -6120131149605365299, guid: 98ae981d7b01adb47a2f07224851015d, type: 2}
  - {fileID: -2387196564256972780, guid: 98ae981d7b01adb47a2f07224851015d, type: 2}
  - {fileID: -3959573212755091497, guid: 98ae981d7b01adb47a2f07224851015d, type: 2}
  - {fileID: 159913847877679880, guid: 98ae981d7b01adb47a2f07224851015d, type: 2}
  - {fileID: 4380796941615824216, guid: 98ae981d7b01adb47a2f07224851015d, type: 2}
  - {fileID: 2818248823327721978, guid: 98ae981d7b01adb47a2f07224851015d, type: 2}
  - {fileID: 4966804596728284448, guid: 98ae981d7b01adb47a2f07224851015d, type: 2}
  - {fileID: -6173289422074277705, guid: 98ae981d7b01adb47a2f07224851015d, type: 2}
  - {fileID: 6686030947669235362, guid: 98ae981d7b01adb47a2f07224851015d, type: 2}
  - {fileID: -2498951082325433348, guid: 98ae981d7b01adb47a2f07224851015d, type: 2}
  - {fileID: -3489017816745876256, guid: 98ae981d7b01adb47a2f07224851015d, type: 2}
  - {fileID: -6917880913547392012, guid: 98ae981d7b01adb47a2f07224851015d, type: 2}
  - {fileID: -6621376024354072029, guid: 98ae981d7b01adb47a2f07224851015d, type: 2}
  - {fileID: -3200811719946321, guid: 98ae981d7b01adb47a2f07224851015d, type: 2}
  - {fileID: -5680557053680252945, guid: 98ae981d7b01adb47a2f07224851015d, type: 2}
  - {fileID: 3894373217622569454, guid: 98ae981d7b01adb47a2f07224851015d, type: 2}
  - {fileID: -6263162350520798380, guid: 98ae981d7b01adb47a2f07224851015d, type: 2}
  - {fileID: 8743484067766471561, guid: 98ae981d7b01adb47a2f07224851015d, type: 2}
  - {fileID: 1635388580428454056, guid: 98ae981d7b01adb47a2f07224851015d, type: 2}
  - {fileID: 2258490312605111285, guid: 98ae981d7b01adb47a2f07224851015d, type: 2}
  - {fileID: -2360690745507709483, guid: 98ae981d7b01adb47a2f07224851015d, type: 2}
  - {fileID: -2344866554513241998, guid: 98ae981d7b01adb47a2f07224851015d, type: 2}
  - {fileID: -5213165100990996852, guid: 98ae981d7b01adb47a2f07224851015d, type: 2}
  - {fileID: -5981662919433192315, guid: 98ae981d7b01adb47a2f07224851015d, type: 2}
  - {fileID: -5336997408268884087, guid: 98ae981d7b01adb47a2f07224851015d, type: 2}
  - {fileID: -1850639448201623651, guid: 98ae981d7b01adb47a2f07224851015d, type: 2}
  - {fileID: 7433255923332983471, guid: 98ae981d7b01adb47a2f07224851015d, type: 2}
  - {fileID: -4061790489790636454, guid: 98ae981d7b01adb47a2f07224851015d, type: 2}
  - {fileID: -4861881313382449113, guid: 98ae981d7b01adb47a2f07224851015d, type: 2}
  - {fileID: -4398811085436880766, guid: 98ae981d7b01adb47a2f07224851015d, type: 2}
  - {fileID: 2568372663700892342, guid: 98ae981d7b01adb47a2f07224851015d, type: 2}
  - {fileID: 5116743992284257354, guid: 98ae981d7b01adb47a2f07224851015d, type: 2}
  - {fileID: -594846848170966016, guid: 98ae981d7b01adb47a2f07224851015d, type: 2}
  - {fileID: 5745187301619739861, guid: 98ae981d7b01adb47a2f07224851015d, type: 2}
  - {fileID: -1606369062968900785, guid: 98ae981d7b01adb47a2f07224851015d, type: 2}
  - {fileID: 4674444283012287448, guid: 98ae981d7b01adb47a2f07224851015d, type: 2}
  - {fileID: 1901214180079368196, guid: 98ae981d7b01adb47a2f07224851015d, type: 2}
  - {fileID: 5699280493081342073, guid: 98ae981d7b01adb47a2f07224851015d, type: 2}
  - {fileID: 9050517803624455689, guid: 98ae981d7b01adb47a2f07224851015d, type: 2}
  - {fileID: -2780920948727575923, guid: 98ae981d7b01adb47a2f07224851015d, type: 2}
  inputTexture: {fileID: 2800000, guid: 954ba67c677941a4ebe8077898ac6f7c, type: 3}
  outputTexture: {fileID: 8400000, guid: d2e6c9f4f17cf644cb1c2de7a7bdc20d, type: 2}
  loop: 1
  duration: 1
--- !u!4 &969686232
Transform:
  m_ObjectHideFlags: 0
  m_CorrespondingSourceObject: {fileID: 0}
  m_PrefabInstance: {fileID: 0}
  m_PrefabAsset: {fileID: 0}
  m_GameObject: {fileID: 969686229}
  m_LocalRotation: {x: 0, y: 0, z: 0, w: 1}
  m_LocalPosition: {x: 0, y: 0, z: 0}
  m_LocalScale: {x: 1, y: 1, z: 1}
  m_Children: []
  m_Father: {fileID: 0}
  m_RootOrder: 4
  m_LocalEulerAnglesHint: {x: 0, y: 0, z: 0}
--- !u!1 &1172985512
GameObject:
  m_ObjectHideFlags: 0
  m_CorrespondingSourceObject: {fileID: 0}
  m_PrefabInstance: {fileID: 0}
  m_PrefabAsset: {fileID: 0}
  serializedVersion: 6
  m_Component:
  - component: {fileID: 1172985515}
  - component: {fileID: 1172985514}
  - component: {fileID: 1172985513}
  m_Layer: 0
  m_Name: EventSystem
  m_TagString: Untagged
  m_Icon: {fileID: 0}
  m_NavMeshLayer: 0
  m_StaticEditorFlags: 0
  m_IsActive: 1
--- !u!114 &1172985513
MonoBehaviour:
  m_ObjectHideFlags: 0
  m_CorrespondingSourceObject: {fileID: 0}
  m_PrefabInstance: {fileID: 0}
  m_PrefabAsset: {fileID: 0}
  m_GameObject: {fileID: 1172985512}
  m_Enabled: 1
  m_EditorHideFlags: 0
  m_Script: {fileID: 11500000, guid: 4f231c4fb786f3946a6b90b886c48677, type: 3}
  m_Name: 
  m_EditorClassIdentifier: 
  m_HorizontalAxis: Horizontal
  m_VerticalAxis: Vertical
  m_SubmitButton: Submit
  m_CancelButton: Cancel
  m_InputActionsPerSecond: 10
  m_RepeatDelay: 0.5
  m_ForceModuleActive: 0
--- !u!114 &1172985514
MonoBehaviour:
  m_ObjectHideFlags: 0
  m_CorrespondingSourceObject: {fileID: 0}
  m_PrefabInstance: {fileID: 0}
  m_PrefabAsset: {fileID: 0}
  m_GameObject: {fileID: 1172985512}
  m_Enabled: 1
  m_EditorHideFlags: 0
  m_Script: {fileID: 11500000, guid: 76c392e42b5098c458856cdf6ecaaaa1, type: 3}
  m_Name: 
  m_EditorClassIdentifier: 
  m_FirstSelected: {fileID: 0}
  m_sendNavigationEvents: 1
  m_DragThreshold: 10
--- !u!4 &1172985515
Transform:
  m_ObjectHideFlags: 0
  m_CorrespondingSourceObject: {fileID: 0}
  m_PrefabInstance: {fileID: 0}
  m_PrefabAsset: {fileID: 0}
  m_GameObject: {fileID: 1172985512}
  m_LocalRotation: {x: 0, y: 0, z: 0, w: 1}
  m_LocalPosition: {x: 0, y: 0, z: 0}
  m_LocalScale: {x: 1, y: 1, z: 1}
  m_Children: []
  m_Father: {fileID: 0}
  m_RootOrder: 2
  m_LocalEulerAnglesHint: {x: 0, y: 0, z: 0}
--- !u!1 &1342968993
GameObject:
  m_ObjectHideFlags: 0
  m_CorrespondingSourceObject: {fileID: 0}
  m_PrefabInstance: {fileID: 0}
  m_PrefabAsset: {fileID: 0}
  serializedVersion: 6
  m_Component:
  - component: {fileID: 1342968994}
  - component: {fileID: 1342968996}
  - component: {fileID: 1342968995}
  m_Layer: 5
  m_Name: RawImage
  m_TagString: Untagged
  m_Icon: {fileID: 0}
  m_NavMeshLayer: 0
  m_StaticEditorFlags: 0
  m_IsActive: 1
--- !u!224 &1342968994
RectTransform:
  m_ObjectHideFlags: 0
  m_CorrespondingSourceObject: {fileID: 0}
  m_PrefabInstance: {fileID: 0}
  m_PrefabAsset: {fileID: 0}
  m_GameObject: {fileID: 1342968993}
  m_LocalRotation: {x: 0, y: 0, z: 0, w: 1}
  m_LocalPosition: {x: 0, y: 0, z: 0}
  m_LocalScale: {x: 1, y: 1, z: 1}
  m_Children: []
  m_Father: {fileID: 1846103904}
  m_RootOrder: 0
  m_LocalEulerAnglesHint: {x: 0, y: 0, z: 0}
  m_AnchorMin: {x: 0, y: 0}
  m_AnchorMax: {x: 1, y: 1}
  m_AnchoredPosition: {x: 0, y: 0}
  m_SizeDelta: {x: 0, y: 0}
  m_Pivot: {x: 0.5, y: 0.5}
--- !u!114 &1342968995
MonoBehaviour:
  m_ObjectHideFlags: 0
  m_CorrespondingSourceObject: {fileID: 0}
  m_PrefabInstance: {fileID: 0}
  m_PrefabAsset: {fileID: 0}
  m_GameObject: {fileID: 1342968993}
  m_Enabled: 1
  m_EditorHideFlags: 0
  m_Script: {fileID: 11500000, guid: 1344c3c82d62a2a41a3576d8abb8e3ea, type: 3}
  m_Name: 
  m_EditorClassIdentifier: 
  m_Material: {fileID: 0}
  m_Color: {r: 1, g: 1, b: 1, a: 1}
  m_RaycastTarget: 1
  m_Maskable: 1
  m_OnCullStateChanged:
    m_PersistentCalls:
      m_Calls: []
  m_Texture: {fileID: 8400000, guid: d2e6c9f4f17cf644cb1c2de7a7bdc20d, type: 2}
  m_UVRect:
    serializedVersion: 2
    x: 0
    y: 0
    width: 1
    height: 1
--- !u!222 &1342968996
CanvasRenderer:
  m_ObjectHideFlags: 0
  m_CorrespondingSourceObject: {fileID: 0}
  m_PrefabInstance: {fileID: 0}
  m_PrefabAsset: {fileID: 0}
  m_GameObject: {fileID: 1342968993}
  m_CullTransparentMesh: 1
--- !u!1 &1589070311
GameObject:
  m_ObjectHideFlags: 0
  m_CorrespondingSourceObject: {fileID: 0}
  m_PrefabInstance: {fileID: 0}
  m_PrefabAsset: {fileID: 0}
  serializedVersion: 6
  m_Component:
  - component: {fileID: 1589070314}
  - component: {fileID: 1589070313}
  - component: {fileID: 1589070312}
  m_Layer: 0
  m_Name: Camera
  m_TagString: MainCamera
  m_Icon: {fileID: 0}
  m_NavMeshLayer: 0
  m_StaticEditorFlags: 0
  m_IsActive: 1
--- !u!81 &1589070312
AudioListener:
  m_ObjectHideFlags: 0
  m_CorrespondingSourceObject: {fileID: 0}
  m_PrefabInstance: {fileID: 0}
  m_PrefabAsset: {fileID: 0}
  m_GameObject: {fileID: 1589070311}
  m_Enabled: 1
--- !u!20 &1589070313
Camera:
  m_ObjectHideFlags: 0
  m_CorrespondingSourceObject: {fileID: 0}
  m_PrefabInstance: {fileID: 0}
  m_PrefabAsset: {fileID: 0}
  m_GameObject: {fileID: 1589070311}
  m_Enabled: 1
  serializedVersion: 2
  m_ClearFlags: 1
  m_BackGroundColor: {r: 0.19215687, g: 0.3019608, b: 0.4745098, a: 0}
  m_projectionMatrixMode: 1
  m_GateFitMode: 2
  m_FOVAxisMode: 0
  m_SensorSize: {x: 36, y: 24}
  m_LensShift: {x: 0, y: 0}
  m_FocalLength: 50
  m_NormalizedViewPortRect:
    serializedVersion: 2
    x: 0
    y: 0
    width: 1
    height: 1
  near clip plane: 0.3
  far clip plane: 1000
  field of view: 60
  orthographic: 0
  orthographic size: 5
  m_Depth: 0
  m_CullingMask:
    serializedVersion: 2
    m_Bits: 4294967295
  m_RenderingPath: -1
  m_TargetTexture: {fileID: 0}
  m_TargetDisplay: 0
  m_TargetEye: 3
  m_HDR: 1
  m_AllowMSAA: 1
  m_AllowDynamicResolution: 0
  m_ForceIntoRT: 0
  m_OcclusionCulling: 1
  m_StereoConvergence: 10
  m_StereoSeparation: 0.022
--- !u!4 &1589070314
Transform:
  m_ObjectHideFlags: 0
  m_CorrespondingSourceObject: {fileID: 0}
  m_PrefabInstance: {fileID: 0}
  m_PrefabAsset: {fileID: 0}
  m_GameObject: {fileID: 1589070311}
  m_LocalRotation: {x: 0, y: 0, z: 0, w: 1}
  m_LocalPosition: {x: -32.02287, y: -5.160663, z: 1.5201515}
  m_LocalScale: {x: 1, y: 1, z: 1}
  m_Children: []
  m_Father: {fileID: 0}
  m_RootOrder: 0
  m_LocalEulerAnglesHint: {x: 0, y: 0, z: 0}
--- !u!1 &1846103900
GameObject:
  m_ObjectHideFlags: 0
  m_CorrespondingSourceObject: {fileID: 0}
  m_PrefabInstance: {fileID: 0}
  m_PrefabAsset: {fileID: 0}
  serializedVersion: 6
  m_Component:
  - component: {fileID: 1846103904}
  - component: {fileID: 1846103903}
  - component: {fileID: 1846103902}
  - component: {fileID: 1846103901}
  m_Layer: 5
  m_Name: Canvas
  m_TagString: Untagged
  m_Icon: {fileID: 0}
  m_NavMeshLayer: 0
  m_StaticEditorFlags: 0
  m_IsActive: 1
--- !u!114 &1846103901
MonoBehaviour:
  m_ObjectHideFlags: 0
  m_CorrespondingSourceObject: {fileID: 0}
  m_PrefabInstance: {fileID: 0}
  m_PrefabAsset: {fileID: 0}
  m_GameObject: {fileID: 1846103900}
  m_Enabled: 1
  m_EditorHideFlags: 0
  m_Script: {fileID: 11500000, guid: dc42784cf147c0c48a680349fa168899, type: 3}
  m_Name: 
  m_EditorClassIdentifier: 
  m_IgnoreReversedGraphics: 1
  m_BlockingObjects: 0
  m_BlockingMask:
    serializedVersion: 2
    m_Bits: 4294967295
--- !u!114 &1846103902
MonoBehaviour:
  m_ObjectHideFlags: 0
  m_CorrespondingSourceObject: {fileID: 0}
  m_PrefabInstance: {fileID: 0}
  m_PrefabAsset: {fileID: 0}
  m_GameObject: {fileID: 1846103900}
  m_Enabled: 1
  m_EditorHideFlags: 0
  m_Script: {fileID: 11500000, guid: 0cd44c1031e13a943bb63640046fad76, type: 3}
  m_Name: 
  m_EditorClassIdentifier: 
  m_UiScaleMode: 0
  m_ReferencePixelsPerUnit: 100
  m_ScaleFactor: 1
  m_ReferenceResolution: {x: 800, y: 600}
  m_ScreenMatchMode: 0
  m_MatchWidthOrHeight: 0
  m_PhysicalUnit: 3
  m_FallbackScreenDPI: 96
  m_DefaultSpriteDPI: 96
  m_DynamicPixelsPerUnit: 1
--- !u!223 &1846103903
Canvas:
  m_ObjectHideFlags: 0
  m_CorrespondingSourceObject: {fileID: 0}
  m_PrefabInstance: {fileID: 0}
  m_PrefabAsset: {fileID: 0}
  m_GameObject: {fileID: 1846103900}
  m_Enabled: 1
  serializedVersion: 3
  m_RenderMode: 0
  m_Camera: {fileID: 0}
  m_PlaneDistance: 100
  m_PixelPerfect: 0
  m_ReceivesEvents: 1
  m_OverrideSorting: 0
  m_OverridePixelPerfect: 0
  m_SortingBucketNormalizedSize: 0
  m_AdditionalShaderChannelsFlag: 0
  m_SortingLayerID: 0
  m_SortingOrder: 0
  m_TargetDisplay: 0
--- !u!224 &1846103904
RectTransform:
  m_ObjectHideFlags: 0
  m_CorrespondingSourceObject: {fileID: 0}
  m_PrefabInstance: {fileID: 0}
  m_PrefabAsset: {fileID: 0}
  m_GameObject: {fileID: 1846103900}
  m_LocalRotation: {x: 0, y: 0, z: 0, w: 1}
  m_LocalPosition: {x: 0, y: 0, z: 0}
  m_LocalScale: {x: 0, y: 0, z: 0}
  m_Children:
  - {fileID: 1342968994}
  m_Father: {fileID: 0}
  m_RootOrder: 1
  m_LocalEulerAnglesHint: {x: 0, y: 0, z: 0}
  m_AnchorMin: {x: 0, y: 0}
  m_AnchorMax: {x: 0, y: 0}
  m_AnchoredPosition: {x: 0, y: 0}
  m_SizeDelta: {x: 0, y: 0}
  m_Pivot: {x: 0, y: 0}
